<record><leader>00000cas a22000007a 4500</leader><controlfield tag="001">14583388</controlfield><controlfield tag="008">861031d19431956inuwr ne      0    0eng d</controlfield><datafield ind1=" " ind2=" " tag="010"><subfield code="a">sn 86058885 </subfield></datafield><datafield ind1=" " ind2=" " tag="040"><subfield code="a">NPI</subfield><subfield code="b">eng</subfield><subfield code="c">NPI</subfield><subfield code="d">OCL</subfield><subfield code="d">OCLCQ</subfield></datafield><datafield ind1=" " ind2=" " tag="042"><subfield code="a">msc</subfield></datafield><datafield ind1="0" ind2=" " tag="130"><subfield code="a">Consolidated news (Evansville, Ind.)</subfield></datafield><datafield ind1="1" ind2="0" tag="245"><subfield code="a">Consolidated news.</subfield></datafield><datafield ind1="3" ind2="0" tag="246"><subfield code="a">Consolidated news of Evansville, Indiana</subfield></datafield><datafield ind1="3" ind2="0" tag="246"><subfield code="a">Consolidated news of Evansville</subfield></datafield><datafield ind1=" " ind2=" " tag="260"><subfield code="a">Evansville, ind. :</subfield><subfield code="b">Consolidated Service Co.</subfield></datafield><datafield ind1=" " ind2=" " tag="300"><subfield code="a">v.</subfield></datafield><datafield ind1=" " ind2=" " tag="310"><subfield code="a">Weekly</subfield></datafield><datafield ind1="1" ind2=" " tag="362"><subfield code="a">Began in 1943; ceased in 1956?</subfield></datafield><datafield ind1=" " ind2=" " tag="500"><subfield code="a">Published as Consolidated news of Evansville, Indiana from Apr. 5, 1946-June 21, 1946 and as the Consolidated news of Evansville from June 28, 1946-</subfield></datafield><datafield ind1=" " ind2=" " tag="588"><subfield code="a">Description based on: Vol. 3, no. 9 (Mar. 1, 1946).</subfield></datafield><datafield ind1=" " ind2=" " tag="752"><subfield code="a">United States</subfield><subfield code="b">Indiana</subfield><subfield code="c">Vanderburgh</subfield><subfield code="d">Evansville.</subfield></datafield></record>